1655 2384
584 24 1315 171 Osten der 4. 6. 43
197 137 1263 325 Liebe Schwester Anna
111 257 1522 456 fern der Heimat sendet dir
98 379 1537 610 die besten Grüße dein Bruder
94 486 1454 704 Karl. Bin noch gesund was ich
62 634 1364 835 auch von dir hoffe: Ich war
84 739 1377 983 vor einigen Tagen an den
84 814 1495 1086 Gräbern meiner Kameraden
69 932 1372 1195 Neis und Pauli. Was macht
68 1066 1206 1251 denn die Liebe bei dir.
71 1184 1582 1428 hier ist jetzt schlechtes Wetter
68 1319 1458 1512 Aber zum Krieg geht es noch,
83 1480 1591 1662 Wenn du kannst so  schicke mir
94 1555 1567 1767 bitte ein bisschen für an den
81 1707 1516 1886 man. Ich werde es dir bezahlen.
86 1790 1582 2051 Schreibe mir bitte die Anschriften
84 1944 1516 2085 eines nettes Mädel was etwas
105 2008 1552 2259 für mich ist . Zum Schluß grüße
94 2103 1655 2383 dich recht herzlich dein Bruder Karl
