1647 2408
691 48 1442 240 Osten, den 4.9.43
394 163 965 340 Liebe Anna
115 259 1499 433 Habe deine lb. Briefe vom
105 383 1533 599 11.8 und 18.8 mit herzlichem
96 538 1544 706 Dank erhalten.
92 595 1457 775 Mein Lehr-
115 669 1540 863 gang ist jetzt zu Ende
91 762 1392 911 und ich bin wieder bei der
104 860 1520 1061 Kompanie. Wenn du den
113 956 1557 1139 Unteroffizier siehst welcher bei mir auf der  Stube war
81 1100 1488 1222 kannst du ihn herzlich
115 1204 1337 1296 grüßen von mir. wie du
89 1253 1573 1438 schreibst war bei euch Flieger-
91 1374 1448 1558 alarm. Hat der Tommy
102 1509 1473 1614 denn keine Bomben ge-
113 1540 1492 1697 worfen. Hier ist es nachts
102 1621 1448 1812 schon ziemlich kalt. Hast
89 1742 1466 1923 schon mit dem Mädel
85 1865 1562 2052 welches nach meiner An-
105 1960 1542 2174 schrift gefragt hat geredet. Zum Schluß grüßt dich
81 2096 1422 2252 Nebst Eltern u. Geschw.  Karl
