1606 2442
39 383 1544 424 Liebe Schwester
43 465 1562 512 Fern der Heimat sendet dir
53 566 1558 610 die besten Grüße dein Bruder
29 664 1541 711 Karl, gesundeitlich geht es
16 758 1495 798 mir noch gut was ich auch
10 855 1535 899 von dir hoffe. habe heute
47 953 1559 990 deinen Brief vom 25.3.43 mit
20 1034 1485 1077 Dank erhalten. Ich hatte noch
10 1128 1556 1185 den Kamerad aus Hetzerath
13 1233 1485 1280 bei mir im Battalion aber
27 1334 1519 1377 dieser soll früh gefallen
24 1425 1556 1458 sein. Eiflich Peter habe ich
24 1519 1593 1556 noch nicht getroffen. Liebe
13 1617 1589 1664 Schwester wenn Bausch Rosa
17 1707 1387 1744 schreibt kannst du ihr meine
37 1791 1572 1838 Anschrift sagen und dem
24 1893 1458 1929 Stubengefreiten bestelle viele
43 1977 1397 2037 Grüße von mir. Hier ist
40 2078 1569 2115 jetzt Tauwetter einge-
34 2169 1556 2206 treten und bis an  die  Knie geht man im Wasser. Die
44 2270 1572 2307 Tage ist es nicht so schlimm
571 28 1523 95 Rußland, den 5.4.42
