1241 1746
703 0 1174 125 Guttentag 5.7.
0 15 616 143 ???? ???????
313 79 1127 234 Liebe Schwester Anna!
20 213 1191 392 Die herzlichten Grüße von Ferne
0 364 1085 459 sendet dir dein Bruder. Bin
0 415 1200 555 soweit wirklich(?)  in Ordnung was
0 511 1086 660 ich auch von dir hoffe. Habe
0 616 1182 803 deine Karte mit großer freude
0 762 1214 904 erhalten, empfang hiermit meinen
0 808 567 996 herzlichsten dank.
0 916 1202 1063 Habe schon(?) auch Karl wieder
0 1019 1138 1155 geschrieben, der freut sich doch
0 1127 1031 1252 bestimmt wenn er Post hat.
0 1307 1100 1431 ????? Neuigkeiten weiß ich
0 1398 1211 1585 hier keine, deshalb will ich
0 1508 580 1649 schließen. Hoffe zu Weihnachten(?)
0 1533 1215 1714 bin ich zu haus.
9 1644 1241 1745 Zum Schluß grüßt dich recht herzlich / Dein Bruder Peter. Auf Widersehen.
