1639 2425
692 81 1425 249 Osten, den 6. 9.43
363 163 1483 366 Liebe Schwester Anna,
125 298 1456 463 habe deinen lb. Brief vom
95 418 1329 623 24.8. mit Dank erhalten.
103 527 1542 738 der Lehrgang  ist zu Ende und
110 624 1555 850 Ich bin wieder bei der Kompanie.
101 738 1542 939 Dann ist Peter ja auch wie-
93 857 1388 1026 der weg. Er bekommt doch
95 958 1489 1102 auch Sonntagsurlaub die Zeit
99 1029 1329 1135 wo er in Trier ist. Bist du
93 1212 1447 1256 schon bei Mariechen dir oder
99 1221 1520 1379 nicht. Hier ist es schon ziemlich
95 1318 1405 1469 kalt und es war schon gut
93 1428 1562 1604 geforen. Hier gibt es nicht neus
103 1564 1498 1729 was macht denn die Liebe bei
106 1644 1560 1811 dir: Hast du noch keine Unruhen?
95 1734 1566 1899 Ich habe jetzt eine unbekannt(?)
86 1842 1438 1954 vom 1(.)7 Jahren. für nette kind.
99 1936 1337 2089 Will nun schließen und
106 2049 1313 2223 grüße dich recht herzlich
103 2100 1529 2236 Dein Bruder Karl. auf Widersehen
