1664 2400
602 191 1310 309 Osten den 7.8. 43.
307 270 1021 441 Liebe Schwester
77 373 1455 618 Da ich heute deinen lb. Brief
62 598 1378 871 vom 22. 7 mit Dank er-
71 830 1446 991 halten habe so will ich
61 884 1380 1117 dir gleich antworten. Bin
52 1026 1380 1253 noch gesund was ich auch
70 1214 1414 1373 von dir hoffe. Wenn du mir
71 1258 1332 1473 ein Ketchen schicken kannst
57 1358 1455 1615 so schicke mir bitte nur
66 1496 1321 1719 mit dem Talismännchen deß Stadtwappen  von Wittlich
64 1596 1358 1915 Das Mädchen aus der Küche
54 1776 1485 2055 im Krankenhaus war mal meine Liebe. Wenn du
61 1956 1335 2162 willst kannst du es mal
73 2056 1507 2246 sprechen.
73 2076 507 2231 Zum Schluß grüßt dich Karl
