1672 2342
545 79 1264 215 Osten, den 13.6. 42
242 144 1004 341 Liebe Schwester
71 240 1507 433 die besten Grüße sendet dir
67 363 1401 564 dein Bruder, Bin noch gesund
64 466 1376 601 was ich auch von dir hoffe.
73 558 1505 728 Du kannst jetzt das Pfingstfest
66 629 1509 801 in Ruhe feiern. Wir aber dagegen
51 708 1558 869 können das nicht weil wir immer
52 833 1442 959 mit einem Agriff von Iwan
47 873 1464 1037 rechnen können da er an solchen
58 962 1359 1120 Tagen etwas unternimmt.
64 1065 1472 1262 Hier regnet es zufällig heute.
54 1174 1468 1386 sonst ist es hier warm und
66 1296 1520 1436 die Mücken sind sehr Schlimm.
73 1391 1395 1549 Wir haben aber Mücken
73 1505 1399 1710 netze da können sie nicht
73 1584 1359 1786 so leicht stechen. Hast du
82 1678 1494 1880 Bausch Rosa meine  Anschrift
54 1788 1477 2041 gesagt, und was sagte Sie
47 1889 1226 2133 Schreib mir es bitte.
51 2019 1331 2210 Zum Schluss grüßt dich
94 2153 1672 2341 Dein Bruder Karl
