1755 2466
50 237 395 297 wieder
471 235 873 295 gesund
931 232 1142 292 wird,
1218 231 1410 291 Her¬

51 335 232 395 ist
248 335 462 395 jetzt
544 334 823 394 alles
840 333 955 393 ein
1054 332 1399 392 Schlumme

43 449 261 509 und
312 448 546 508 man
597 448 865 508 läßt
949 447 1100 507 die
1150 446 1419 506 Stiefel

57 542 257 602 ben
314 541 713 601 stecken
799 540 1027 600 liebe
1084 539 1569 599 Schwester

51 769 491 829 anschaft
559 765 779 825 schon
813 761 1270 821 gesagt.
1270 757 1439 817 Wenn

62 880 1481 940 Schabe

61 971 270 1031 nur
315 973 599 1033 bitte
689 975 898 1035 was
913 977 1480 1037 gesagt

70 1305 655 1365 Bude
814 1297 885 1357 zu

48 1201 384 1261 meines
504 1194 816 1254 be¬
