1771 2483
535 75 1622 342 Rußland den 15.4.43
329 348 1175 547 Liebe Schwester
50 497 1629 746 Die besten Grüße aus der
50 671 1647 852 Ferne sendet Euch Karl. bin
62 783 1660 970 noch gesund was ich auch von dir hoffe. Habe deinen Brief
25 1001 1709 1162 vom 30.3 mit dank erhalten
44 1106 1697 1324 Deine Frage ob wir schon prak=
44 1299 1672 1511 tische Arbeit gemacht habe ist.
37 1430 1728 1604 doch klar.  Wir kommen nühn-
37 1529 1685 1734 gleich in den Einsatz. Das keiner  von uns beiden  an Ostern
62 1635 1622 1815 bei Euch sein kann ist nicht
19 1753 1461 1939 zu ändern da wir unsern
50 1852 1598 2026 Mann hier stellen müssen.
56 1952 1486 2132 Bis jetzt  wußte ich auch
37 2064 1709 2250 nicht das Vater krank war
50 2157 1647 2375 Wir hoffen aber das er bald
