1688 2351
624 159 874 219 Osten,
932 164 1109 224 den
1167 170 1417 230 18443

366 287 619 347 liebe
638 288 1124 348 Schwester

102 365 161 425 der
180 373 980 433 gement
1019 385 1370 445 findet

117 471 824 531 benen
863 488 1335 548 öfteren

98 559 115 619 b

117 608 1528 797 gesund was ich auch von dir
141 740 271 800 hafften
402 748 506 808 wir
585 763 1238 823 die¬

112 839 767 899 alle

116 910 352 970 kamen

111 1046 1216 1106 sicher
1293 1076 1525 1136 hoch¬

131 1227 1569 1365 Hier ist jetzt alles ein Schlamm.
106 1347 555 1407 anzurath
625 1360 696 1420 von
767 1375 1286 1435 minder¬

134 1361 1367 1436 Lützerath bei mir in der
122 1435 122 1495 den
122 1435 122 1495 ein
122 1462 1467 1522 be¬

98 1556 397 1616 ne

114 1636 139 1696 wegen
686 1674 835 1734 hier
959 1689 1059 1749 am
1208 1710 1506 1770 Nach¬

86 1781 1076 1841 dahin

128 1844 128 1904 ner
128 1883 1257 1943 schon

98 1964 157 2024 die
157 1999 1495 2059 ha¬

121 2073 369 2133 Weill
369 2083 400 2143 nun
462 2095 648 2155 zum
803 2122 1052 2182 Schluß
1114 2140 1269 2200 vom

164 2190 1548 2250 Bei
1596 2232 1688 2292 der

137 2235 418 2295 Bruder
458 2233 592 2293 von
