1730 1250
1081 6 1696 129 Guttentag, den 19.7
534 71 1136 208 Liebe Schwester
81 162 1702 400 Die besten und letzten Grüße von hier sende
85 253 1700 435 dir dein Bruder Peter. Bin noch gesund und
75 348 1686 552 munter, was ich auch von dir baldigst hoffe
83 465 1682 663 Hier ist zur Zeit sehr schönes Wetter was
79 550 1706 762 ja ein Glück ist. Es dauert doch noch immer
79 633 1674 857 für 8  - 10 Tage bis die Frucht hier reif ist.
87 724 1698 962 Vielleicht helfe ich auch noch zu  Hause die Frucht
85 827 1686 1037 mähen wenn ich Glück habe. Besondere Neui-
85 958 1704 1172 gkeiten weiß ich für heute keine deshälb
89 1049 1633 1249 will ich für heute schließen und wünsche dir alles Gute
853 1134 1678 1249 Auf baldiges Wiedersehen.
966 416 1319 503 ich werde dich dießmal überraschen
