1672 2334
638 79 1360 239 Osten, den 21.8.43
302 186 1144 418 Liebe Schwester
84 333 1460 550 da ich deinen lb. Brief vom
86 466 1489 707 8.8. mit Dank erhalten habe
84 588 1429 788 so will ich  Dir sofort an=
82 694 1528 916 worten.Bin noch gesund was
64 779 1530 1022 ich auch von Dir hoffe. Du schreibst
48 905 1519 1089 von Banditen. Was wollen die
53 992 1420 1217 schon machen. Man wird hier
99 1159 1438 1321 schon von selbst hart und
80 1210 1416 1515 Roh gegen solche  Banditen.
68 1402 1447 1641 Urlaub bekomme ich dieses
57 1431 1352 1678 Jahr keinen. Welchen Beruf
57 1542 1466 1855 willst du denn einschlagen
68 1723 1462 2025 Du fragst ob ich solchen gruß
80 1840 1435 2063 an  Emund habe. Da muß ich
93 1880 1446 2160 dir sagen daß es mir eine
93 1974 1453 2303 Ehre ist für  Deutschlands freiheit zu kämpfen
