1738 2483
112 0 1571 221 Osten den 24.2.44
51 142 1525 406 Liebe Schwester Anna!
57 290 1677 505 Die besten Grüße aus der ferne sendet dir Karl!
57 387 1685 614 Bin noch gesund was
32 529 1620 791 ich auch von dir hoffe- Habe
30 689 1494 874 deinen lieben Brief vom
36 795 1598 1002 13.2 mit dank und  vieler
32 941 1663 1150 freude erhalten. Hier am
53 1085 1579 1277 Südabschnitt wo wir jetzt
36 1229 1628 1425 eingesetzt sind ist es nicht
39 1340 1612 1563 so schlimm mit der Kälte.
36 1482 1437 1695 das Peter Obergefr. wurde
32 1632 1182 1882 war ja auch bald zeit. Das
813 1930 1125 2064 Kahl Nikla gefallen ist
93 2040 1221 2283 haut einen kurz um. Aber man geht heute über alles
