2442 1746
1398 55 2165 237 O. V. den 25. 7.44
625 85 1720 336 Meine liebe Schwester!
179 179 2256 424 Die besten grüße sendet dir Karl. Gesund¬
157 338 2207 528 heitlich geht es mir noch gut was ich auch
162 426 2182 627 von dir hoffe. Wir sind hier jetzt im Einsatz
138 525 1750 685 und die  Schule ist unterbrochen.
113 633 2311 880 Ich hatte gedacht jetzt in Urlaub zu kom=
99 732 2187 960 men aber es ist  nicht daran zu denken.
85 831 2132 1062 Im Urlaub wollte ich mich verloben.
91 919 2267 1147 Du wirst wohl staunen aber es  steht
99 1026 2311 1268 fest, denn meine Braut ist auch dafür.
96 1147 1720 1337 Denn ich kenn sie ja lang genug.
99 1230 1986 1422 Wie steht es denn mit dir überhaupt?
138 1323 1156 1502 Hier gibt es nichts neues.
160 1403 1538 1598 Zum Schluß grüßt dich Karl.
