2351 3269
661 428 1551 472 Liebe Schwester Anna!
198 644 2279 692 die besten Grüße von hier sendet dir dein Bruder
202 747 2306 791 Peter. Bin noch gesund und munter, was ich ebenfalls
198 842 2288 908 von dir hoffe. Hier glücklich angekommen, fühle ich mich
193 963 2320 1011 sehr wohl. Wenn es auch nur ein Gehen und kommen
175 1053 2243 1114 war, so habe ich Karl wenigstens doch mal gesehen.
202 1188 2216 1222 Mit den verschiedenen Kleinigkeiten die du benötigst,
207 1273 2275 1326 warte bitte mal ab bis nach Neujahr, dann werde
184 1372 2212 1425 ich Umschau halten. Hier haben wir schon einige
180 1484 2158 1532 Tage Glatteis, und noch rauhe Winde dazu. Seit
193 1597 2293 1649 langer Zeit hatten wir vorgestern Nacht mal wieder
175 1705 1173 1744 Fliegeralarm von "Iwan"
211 1821 2239 1878 Mit "Karl" seinem Mädel daß überlasse Ihm doch
220 1920 2257 1973 lieber, oder hast du was dagegen. Mir ist es doch
211 2015 2149 2072 nunneslei, was er macht, denn mir soll auch nie-
222 2124 1557 2158 mand in solche Sachen hinein reden.
217 2325 1786 2386 Besondere Neuigkeiten weiß ich für heute keine, deshalb will ich zum Schluß kommen
500 2567 1193 2602 Frohe Weihnachten
1085 2657 2146 2714 So grüßt dich recht herzlich
1232 2774 1745 2813 dein Bruder.
1867 2869 2143 2925 Peter!
1272 2999 1888 3038 auf Wiedersehen!
1533 226 2279 261 Warschau, den 20.12.43
