2442 3178
1673 290 2226 320 O.V. den 23.11.41
900 471 1479 510 Liebe Schwester
362 644 2313 695 Habe soeben Deinen Brief mit Freude erhalten, wofür
586 849 2174 879 ich dir herzlich danke. Bin noch gesund und
569 953 2160 985 munter, was ich auch von dir hoffe. Du
569 1031 2136 1070 schreibst mir also von deinen Schuhen. Ich
565 1117 2222 1169 würde die Schuhe mitbringen, wenn ich in
565 1225 2240 1268 Urlaub komme. Die Schuhe habe ich noch nicht
556 1316 2175 1359 gekauft, werde aber diese Woche noch welche
548 1389 2097 1445 kaufen. Denn ich habe auch keine Lust so
539 1510 2282 1540 etwas zu schicken, dann besser später und
535 1587 2205 1626 sicher. Mit dem Stoff, der ist so teuer und
537 1691 2220 1725 auch nicht mehr gut, fast nur Baumwolle.
537 1777 2203 1807 dazu noch Schwierigkeiten, die ich dir nicht
529 1869 2228 1925 schreiben will. Du kriegst ja jetzt auch mehr
510 1966 2185 2007 Lohn, wie du mir geschrieben hast. Es ist
502 2052 2162 2094 ja anders jetzt als im Frieden, da wars
463 2154 2142 2188 doch schön, ohne daß man es gemerkt. So
482 2236 2311 2286 richtig nochmal austoben, ohne Zapfenstreich das
482 2338 2299 2376 sind Sachen. Dann ist "Karl" jetzt auch in Rußland,
475 2436 2228 2470 dort geht's lustig her, das ist richtig die haben
482 2526 2232 2584 es verdient. Mutter brauch mir kein Geld zu
471 2613 2268 2666 schicken, denn ich weiß ja wie es ist. Für
471 2707 2295 2760 mich brauch ich keinen Stoff zu kaufen, warum
469 2808 2242 2853 auch, ich bin doch noch „Jahre" Soldat, was später
438 2898 2309 2947 wird, darüber laß ich mir keine krauen Haare wachsen. Du denkst also, ich würde(crossed out) würde nicht
