2309 2988
697 439 1565 475 Liebe Schwester Anna!
239 636 2220 682 die herzlichsten Grüße sendet dir dein Bruder
234 740 2138 792 Peter. Bin noch gesund und munter was ich
245 854 2132 901 auch von dir hoffe. Herzlichen Dank für den
256 975 2225 1005 Brief mit Inhalt. Wenn ich zum Ersatz komme von
234 1062 2187 1114 hier, dann nach Bunslau bei Breslau der
212 1188 2182 1234 Ersatz Einheit von uns. Wann ich in Urlaub
207 1275 2176 1332 komme, weiß ich noch nicht, es kann noch
225 1395 2134 1431 eine Weile dauern. Schreibe mir bitte was du
230 1510 2188 1540 für eine Lampe damit meinst, ob vielleicht
263 1603 2221 1649 eine Taschenlampe, denn sonst hat gretchen(?) keine
282 1710 2253 1751 Lampe von mir. An Siefel brauchst du gar-
271 1825 2197 1859 nicht zu denken; die kosten einige Hundert
289 1930 532 1963 Mark.
312 2042 2253 2072 Was ich dir besorgen kann werde ich machen,
311 2163 933 2205 wenn es geht.
283 2242 2001 2275 Ich will nun langsam schließen, es
1560 2339 1992 2387 grüßt dich
1336 2555 1929 2604 recht herzlch
1213 2775 2141 2812 dein Bruder. Peter!
1630 216 2280 262 Warschau, der 26.2.44
